@inproceedings{ba2013adaptive,
  title={Adaptive dropout for training deep neural networks},
  author={Ba, Jimmy and Frey, Brendan},
  booktitle={Advances in Neural Information Processing Systems},
  pages={3084--3092},
  year={2013}
}
@inproceedings{chakravarthi2018improving,
title={{Improving Wordnets for Under-Resourced Languages Using Machine Translation}},
booktitle="Proceedings of the 9th Global WordNet Conference",
author="Bharathi Raja Chakravarthi and Mihael Arcan and John P. McCrae",
year="2018"
}
@article{rahman2018datasets,
  title={Datasets for Aspect-Based Sentiment Analysis in Bangla and Its Baseline Evaluation},
  author={Rahman, Md Atikur and Kumar Dey, Emon},
  journal={Data},
  volume={3},
  number={2},
  pages={15},
  year={2018},
  publisher={Multidisciplinary Digital Publishing Institute}
}
@article{mikolov2013efficient,
  title={Efficient estimation of word representations in vector space},
  author={Mikolov, Tomas and Chen, Kai and Dean, Jeffrey},
  journal={arXiv preprint arXiv:1301.3781},
  year={2013}
}
@inproceedings{Conv_LSTM1,
  title={Convolutional LSTM network: A machine learning approach for precipitation nowcasting},
  author={Xingjian, SHI and Chen, Zhourong and Wang, Hao and Yeung, Dit-Yan and Wong, Wai-Kin and Woo, Wang-chun},
  booktitle={Advances in neural information processing systems},
  pages={802--810},
  year={2015}
}
@article{ziplaw,
  title={Random texts exhibit Zipf's-law-like word frequency distribution},
  author={Li, Wentian},
  journal={IEEE Transactions on information theory},
  volume={38},
  number={6},
  pages={1842--1845},
  year={1992},
  publisher={IEEE}
}
@article{davidson2017automated,
  title={Automated hate speech detection and the problem of offensive language},
  author={Davidson, Thomas and Warmsley, Dana and Macy, Michael and Weber, Ingmar},
  journal={arXiv preprint arXiv:1703.04009},
  year={2017}
}

@article{kshirsagar2018predictive,
  title={Predictive Embeddings for Hate Speech Detection on Twitter},
  author={Kshirsagar, Rohan and Cukuvac, Tyus and McKeown, Kathleen and McGregor, Susan},
  journal={arXiv preprint arXiv:1809.10644},
  year={2018}
}


@inproceedings{hate1,
  author= {Mai ElSherief and
               Vivek Kulkarni and
               Dana Nguyen and
               William Yang Wang and
               Elizabeth M. Belding},
  title     = {Hate Lingo: {A} Target-Based Linguistic Analysis of Hate Speech in
               Social Media},
  booktitle = {Proceedings of the Twelfth International Conference on Web and Social
               Media, {ICWSM} 2018, Stanford, California, USA, June 25-28, 2018.},
  pages     = {42--51},
  year      = {2018},
  url       = {https://aaai.org/ocs/index.php/ICWSM/ICWSM18/paper/view/17910},
  timestamp = {Mon, 25 Jun 2018 13:22:14 +0200},
  biburl    = {https://dblp.org/rec/bib/conf/icwsm/ElSheriefKNWB18},
  bibsource = {dblp computer science bibliography, https://dblp.org}
}

@inproceedings{piktus2019misspelling,
  title={Misspelling Oblivious Word Embeddings},
  author={Piktus, Aleksandra and Edizel, Necati Bora and Bojanowski, Piotr and Grave, Edouard and Ferreira, Rui and Silvestri, Fabrizio},
  booktitle={Proceedings of the 2019 Conference of the North American Chapter of the Association for Computational Linguistics: Human Language Technologies, Volume 1 (Long and Short Papers)},
  pages={3226--3234},
  year={2019}
}
@inproceedings{GloVe,
  title={Glove: Global vectors for word representation},
  author={Pennington, Jeffrey and Socher, Richard and Manning, Christopher},
  booktitle={Proceedings of the 2014 conference on empirical methods in natural language processing (EMNLP)},
  pages={1532--1543},
  year={2014}
}
@article{hierarchicalsoftmax,
  title={Classes for fast maximum entropy training},
  author={Goodman, Joshua},
  journal={arXiv preprint cs/0108006},
  year={2001}
}


@inproceedings{DBLP:conf/icwsm/RibeiroCSAM18,

  title     = {Characterizing and Detecting Hateful Users on Twitter},
    author = {Manoel Horta Ribeiro and Pedro H. Calais and Yuri A. Santos and Virgilio A. F. Almeida and Wagner Meira Jr.},
  booktitle = {Proceedings of the Twelfth International Conference on Web and Social Media, {ICWSM} 2018, Stanford, California, USA, June 25-28, 2018.},
  pages     = {676--679},
  year      = {2018},
  url       = {https://aaai.org/ocs/index.php/ICWSM/ICWSM18/paper/view/17837},
  timestamp = {Mon, 25 Jun 2018 13:22:14 +0200},
  biburl    = {https://dblp.org/rec/bib/conf/icwsm/RibeiroCSAM18},
  bibsource = {dblp computer science bibliography, https://dblp.org}
}

@article{political_slang,
  title={Discovering Political Slang in Readers’ Comments},
  author={Hossain, Nabil and Kautz, Henry},
  journal={New York Times},
  volume={16},
  pages={873--421},
  year={2018}
}

@inproceedings{hate3,
  title={Anatomy of Online Hate: Developing a Taxonomy and Machine Learning Models for Identifying and Classifying Hate in Online News Media.},
  author={Salminen, Joni and Almerekhi, Hind and Milenkovic},
  booktitle={ICWSM},
  pages={330--339},
  year={2018}
}

@article{hate4,
  title={The Effect of Extremist Violence on Hateful Speech Online},
  author={Olteanu, Alexandra and Castillo, Carlos and Boy, Jeremy and Varshney, Kush R},
  journal={arXiv preprint arXiv:1804.05704},
  year={2018}
}

@article{zhang2018hate,
  title={Hate Speech Detection: A Solved Problem? The Challenging Case of Long Tail on Twitter},
  author={Zhang, Ziqi and Luo, Lei},
  journal={arXiv preprint arXiv:1803.03662},
  year={2018}
}

@article{hate5,
  title={Hate speech and incitement to hatred against minorities in the media},
  author={Izs´ak, R.},
  journal={UN Humans Rights Council, A/HRC/28/64},
  year={2015}
}
@article{chakrabarty2016benlem,
  title={BenLem (A Bengali Lemmatizer) and Its Role in WSD},
  author={Chakrabarty, Abhisek and Garain, Utpal},
  journal={ACM Transactions on Asian and Low-Resource Language Information Processing},
  volume={15},
  number={3},
  pages={12},
  year={2016},
  publisher={ACM}
}
@article{nockleby2000hate,
  title={Hate speech},
  author={Nockleby, John},
  journal={Encyclopedia of American constitution},
  volume={3},
  year={2000},
  publisher={Detroit: Macmillan Reference USA}
}
@Article{BESACIER201485,
  author = {Besacier, Laurent and Barnard, Etienne and Karpov, Alexey and Schultz, Tanja},
  pages = {85-100},
  title = {Automatic speech recognition for under-resourced languages: A survey},
  volume = {56},
  year = {2014},
  journal = {Speech Communication},
}


@InProceedings{al2013polyglot,
  author = 	"Alrfou, Rami
		    and Skiena, Steven",
  title = 	"Polyglot: Distributed Word Representations for Multilingual NLP",
  booktitle = 	"Proc. of the 17th Intl. Conference on Computational Natural Language Learning",
  year = 	"2013",
  publisher = 	"Association for Computational Linguistics",
  pages = 	"183--192",
  location = 	"Sofia, Bulgaria",
  url = 	"http://aclweb.org/anthology/W13-3520"
}
@inproceedings{zhang2018detecting,
  title={Detecting Hate Speech on Twitter Using a Convolution-{GRU} Based Neural Network},
  author={Zhang, Ziqi and Robinson, David and Tepper, Jonathan},
  booktitle={ESWC},
  pages={745--760},
  year={2018},
  organization={Springer}
}
@inproceedings{salminen2018anatomy,
  title={Anatomy of Online Hate: Developing a Taxonomy and Machine Learning Models for Identifying and Classifying Hate in Online News Media.},
  author={Salminen, Joni and Almerekhi, Hind and Milenkovic, Milica and Jung},
  booktitle={ICWSM},
  pages={330--339},
  year={2018}
}
@inproceedings{ahmad2016bengali,
  title={Bengali word embeddings for solving document classification problem},
  author={Ahmad, Adnan and Amin, Mohammad Ruhul},
  booktitle={19th IEEE Intl. Conf. on ICCIT},
  pages={425--430},
  year={2016},
}
@article{joulin2016fasttext,
  title={FastText.zip: Compressing text classification models},
  author={Joulin, Armand and Grave, Edouard and Bojanowski, Piotr and Douze, Matthijs and J{\'e}gou, H{\'e}rve and Mikolov, Tomas},
  journal={arXiv preprint arXiv:1612.03651},
  year={2016}
}
@article{bojanowski2017enriching,
  title={Enriching Word Vectors with Subword Information},
  author={Bojanowski, Piotr and Grave, Edouard and Joulin, Armand and Mikolov, Tomas},
  journal={Transactions of the Association for Computational Linguistics},
  volume={5},
  year={2017},
  issn={2307-387X},
  pages={135--146}
}
@article{joulin2016bag,
  title={Bag of tricks for efficient text classification},
  author={Joulin, Armand and Grave, Edouard and Bojanowski, Piotr and Mikolov, Tomas},
  journal={arXiv preprint arXiv:1607.01759},
  year={2016}
}
@inproceedings{muller2011improved,
  title={Improved modeling of out-of-vocabulary words using morphological classes},
  author={M{\"u}ller, Thomas and Sch{\"u}tze, Hinrich},
  booktitle={Proc of the 49th Annual Meeting of the ACL: Human Language Technologies: Vol. 2},
  pages={524--528},
  year={2011},
  organization={ACL}
}
@article{devlin2018BERT,
  title={Bert: Pre-training of deep bidirectional transformers for language understanding},
  author={Devlin, Jacob and Chang, Ming-Wei and Lee, Kenton and Toutanova, Kristina},
  journal={arXiv preprint arXiv:1810.04805},
  year={2018}
}
@article{khan2019scalable,
  title={A Scalable and Hybrid Intrusion Detection System Based on the Convolutional-LSTM Network},
  author={Khan, Muhammad Ashfaq and Karim, Md and Kim, Yangwoo and others},
  journal={Symmetry},
  volume={11},
  number={4},
  pages={583},
  year={2019},
  publisher={Multidisciplinary Digital Publishing Institute}
}
@article{khan2018two,
  title={A Two-Stage Big Data Analytics Framework with Real World Applications Using Spark Machine Learning and Long Short-Term Memory Network},
  author={Khan, Muhammad and Karim, Md and Kim, Yangwoo},
  journal={Symmetry},
  volume={10},
  number={10},
  pages={485},
  year={2018},
  publisher={Multidisciplinary Digital Publishing Institute}
}

@inproceedings{karim2019DDI,
  title={Drug-Drug Interaction Prediction Based on Knowledge Graph Embeddings and Convolutional-{LSTM} Network},
  author={Karim, Md Rezaul and Cochez, Michael and Jares, Joao Bosco and Uddin, Mamtaz and Beyan, Oya and Decker, Stefan},
  booktitle={Proceedings of the 10th ACM International Conference on Bioinformatics, Computational Biology and Health Informatics},
  pages={113--123},
  year={2019},
  organization={ACM}
}
@inproceedings{zhang2018,
  title={Jose, and Weinan Zhang. 2018. Improving negative sampling for word representation using self-embedded features},
  author={Chen, Long and Yuan, Fajie},
  booktitle={Proc. of the Eleventh ACM Intl. Conf. on Web Search and Data Mining. ACM},
  pages={99--107},
  year={2018}
}
@inproceedings{sumit2018exploring,
  title={Exploring Word Embedding For Bangla Sentiment Analysis},
  author={Sumit, Sakhawat Hosain and Hossan, Md Zakir and Al Muntasir, Tareq and Sourov, Tanvir},
  booktitle={Intl. Conf. on Bangla Speech and Language Processing (ICBSLP)},
  volume={21},
  pages={22},
  year={2018}
}
@article{verwimp2017character,
  title={Character-word {LSTM} language models},
  author={Verwimp, Lyan and Pelemans, Joris and Wambacq, Patrick and others},
  journal={arXiv preprint arXiv:1704.02813},
  year={2017}
}

@article{srivastava2014dropout,
  title={Dropout: a simple way to prevent neural networks from overfitting},
  author={Srivastava, Nitish and Hinton, Geoffrey and Krizhevsky, Alex and Sutskever, Ilya and Salakhutdinov, Ruslan},
  journal={The Journal of Machine Learning Research},
  volume={15},
  number={1},
  pages={1929--1958},
  year={2014},
  publisher={JMLR. org}
}

@article{wei2017convolution,
  title={A convolution-lstm-based deep neural network for cross-domain {MOOC} forum post classification},
  author={Wei, Xiaocong and Lin, Hongfei and Yang, Liang and Yu, Yuhai},
  journal={Information},
  volume={8},
  number={3},
  pages={92},
  year={2017},
  publisher={Multidisciplinary Digital Publishing Institute}
}
@article{slang2018,
  title={Discovering Political Slang in Readers’ Comments},
  author={Hossain, Nabil and Tran, Thanh Thuy Trang and Kautz, Henry},
  journal={New York Times},
  volume={16},
  pages={873--421},
  year={2018}
}
@inproceedings{bian2014knowledge,
  title={Knowledge-powered deep learning for word embedding},
  author={Bian, Jiang and Gao, Bin and Liu, Tie-Yan},
  booktitle={Joint European conf. on ML-KDD},
  pages={132--148},
  year={2014},
  organization={Springer}
}

@inproceedings{word2vec,
  title={Distributed representations of words and phrases and their compositionality},
  author={Mikolov, Tomas and Sutskever, Ilya and Chen, Kai and Corrado, Greg S and Dean, Jeff},
  booktitle={Advances in neural information processing systems},
  pages={3111--3119},
  year={2013}
}

@article{shen2018use,
  title={On the use of word embeddings alone to represent natural language sequences},
  author={Shen, Dinghan and Wang, Guoyin and Wang, Wenlin and Min, Martin Renqiang and Su, Qinliang and Zhang, Yizhe and Henao, Ricardo and Carin, Lawrence},
  year={2018}
}

@article{mandal2014supervised,
  title={Supervised learning methods for bangla web document categorization},
  author={Mandal, Ashis Kumar and Sen, Rikta},
  journal={arXiv preprint arXiv:1410.2045},
  year={2014}
}
@inproceedings{ekbal2009voted,
  title={Voted approach for part of speech tagging in Bengali},
  author={Ekbal, Asif and Hasanuzzaman, Md and Bandyopadhyay, Sivaji},
  booktitle={Proc. of the 23rd Pacific Asia Conf. on Language, Information and Computation},
  volume={1},
  year={2009}
}
@article{alorainy2018cyber,
  title={Cyber Hate Classification:'Othering'Language And Paragraph Embedding},
  author={Alorainy, Wafa and Burnap, Pete and Liu, Han and Williams, Matthew},
  journal={arXiv preprint arXiv:1801.07495},
  year={2018}
}
@article{fortuna2018survey,
  title={A Survey on Automatic Detection of Hate Speech in Text},
  author={Fortuna, Paula and Nunes, S{\'e}rgio},
  journal={ACM Computing Surveys (CSUR)},
  volume={51},
  number={4},
  pages={85},
  year={2018},
  publisher={ACM}
}
@phdthesis{mansur2006analysis,
  title={Analysis of n-gram based text categorization for Bangla in a newspaper corpus},
  author={Mansur, Munirul},
  year={2006},
  school={BRAC University}
}
@inproceedings{waseem2016hateful,
  title={Hateful symbols or hateful people? predictive features for hate speech detection on twitter},
  author={Waseem, Zeerak and Hovy, Dirk},
  booktitle={Proc. of the NAACL student research workshop},
  pages={88--93},
  year={2016}
}
@inproceedings{fastText,
  title={Learning Word Vectors for 157 Languages},
  author={Grave, Edouard and Bojanowski, Piotr and Gupta, Prakhar and Joulin, Armand and Mikolov, Tomas},
  booktitle={Proceedings of the International Conference on Language Resources and Evaluation (LREC 2018)},
  year={2018}
}
@article{BERT,
  author    = {Jacob Devlin and
               Ming{-}Wei Chang and
               Kenton Lee and
               Kristina Toutanova},
  title     = {{BERT:} Pre-training of Deep Bidirectional Transformers for Language
               Understanding},
  journal   = {CoRR},
  volume    = {abs/1810.04805},
  year      = {2018},
  url       = {http://arxiv.org/abs/1810.04805},
  archivePrefix = {arXiv},
  eprint    = {1810.04805},
  timestamp = {Tue, 30 Oct 2018 20:39:56 +0100},
  biburl    = {https://dblp.org/rec/bib/journals/corr/abs-1810-04805},
  bibsource = {dblp computer science bibliography, https://dblp.org}
}
@inproceedings{islam2009research,
  title={Research on Bangla language processing in Bangladesh: progress \& challenges},
  author={Islam, MS},
  booktitle={8th Intl. Language \& Development Conf.},
  pages={23--25},
  year={2009}
}
@article{islam2017comparative,
  title={A comparative study on different types of approaches to Bengali document categorization},
  author={Islam, Md and Jubayer, Fazla Elahi Md and Ahmed, Syed Ikhtiar and others},
  journal={arXiv preprint arXiv:1701.08694},
  year={2017}
}
@inproceedings{alam2016bidirectional,
  title={Bidirectional {LSTMs—CRFs} networks for bangla {POS} tagging},
  author={Alam, Chowdhury},
  booktitle={19th IEEE intl. Conf. on ICCIT},
  pages={377--382},
  year={2016}
}