@article{1,
	title={Diagnosis of OA: imaging},
	author={Braun, Hillary J and Gold, Garry E},
	journal={Bone},
	volume={51},
	number={2},
	pages={278--288},
	year={2012},
	publisher={Elsevier}
}
@inproceedings{2,
	title={Severity analysis of Osteoarthritis of knee joint from X-ray images: A Literature review},
	author={Kawathekar, Pooja P and Karande, Kailash J},
	booktitle={Signal Propagation and Computer Technology (ICSPCT), 2014 International Conference on},
	pages={648--652},
	year={2014},
	organization={IEEE}
}
@article{karimdeepcovidexplainer,
  title={DeepCOVIDExplainer: Explainable COVID-19 Diagnosis Based on Chest X-ray Images},
  author={Karim, Md Rezaul and D{\"o}hmen, Till and Rebholz-Schuhmann, Dietrich and Decker, Stefan and Cochez, Michael and Beyan, Oya}
}
@article{huang2020clinical,
  title={Clinical features of patients infected with novel coronavirus in {Wuhan, China}},
  author={Huang, Chaolin and Wang, Yeming and Li, Xingwang and Ren, Lili and Gu, Xiaoying},
  journal={The Lancet},
  volume={395},
  number={10223},
  pages={497--506},
  year={2020},
  publisher={Elsevier}
}
@article{ng2020imaging,
  title={Imaging profile of {COVID-19} infection: radiologic findings and literature review},
  author={Ng, Ming-Yen and Lee, Elaine Y and Yang, Jin and Khong, Pek-Lan},
  journal={Cardiothoracic Imaging},
  volume={2},
  number={1},
  year={2020},
  publisher={Radiological Society of North America}
}
@article{3,
	title={Hip and knee arthroplasty in the geriatric population},
	author={Clair, Selvon F St and Higuera, Carlos and Krebs, Viktor and Tadross, Nabil A and Dumpe, Jerrod and Barsoum, Wael K},
	journal={Clinics in geriatric medicine},
	volume={22},
	number={3},
	pages={515--533},
	year={2006},
	publisher={Elsevier}
}
@article{4,
	title={Global, regional, and national incidence, prevalence, and years lived with disability for 310 diseases and injuries, 1990--2015: a systematic analysis for the Global Burden of Disease Study 2015},
	author={Vos, Theo and Allen, Christine and Chen, Alan Z and others},
	journal={The Lancet},
	volume={388},
	number={10053},
	pages={1545--1602},
	year={2016},
	publisher={Elsevier}
}
@article{5,
	title={The effects of specific medical conditions on the functional limitations of elders in the Framingham Study.},
	author={Guccione, Andrew A and Felson, David T and Kannel, William B},
	journal={American journal of public health},
	volume={84},
	number={3},
	pages={351--358},
	year={1994},
	publisher={American Public Health Association}
}
@inproceedings{6,
	title={Socio-economic costs of osteoarthritis: a systematic review of cost-of-illness studies},
	author={Puig-Junoy, Jaume and Zamora, Alba Ruiz},
	booktitle={Seminars in arthritis and rheumatism},
	volume={44},
	number={5},
	pages={531--541},
	year={2015},
	organization={Elsevier}
}
@article{nie2018theoretical,
  title={Theoretical explanation for perplexing behavior of backprop-based visualizations},
  author={Nie, Weili and Patel, Ankit},
  journal={arXiv:1805.07039},
  year={2018}
}
@article{KarimIEEEAccess2019,
author={M. R. {Karim} and G. {Wicaksono} and I. {G. Costa}  et al.},
journal={IEEE Access},
title={{Prognostically Relevant Subtypes and Survival Prediction for Breast Cancer Based on Multimodal Genomics Data}},
year={2019},
volume={7}
}
@inproceedings{chattopadhay2018grad,
  title={Grad-{CAM}++: Generalized gradient-based visual explanations for convolutional networks},
  author={Chattopadhay, Aditya and Sarkar, Anirban},
  booktitle={Applications of Computer Vision(WACV)},
  pages={839--847},
  year={2018},
  organization={IEEE}
}
@article{karim2019snapshot,
  title={{A Snapshot Neural Ensemble Method for Cancer-type Prediction Based on Copy Number Variations}},
  author={Karim, Md. Rezaul and Decker, Stefan and Beyan, Oya},
  journal={Neural Computing and Applications},
  pages={1--19},
  year={2019},
  publisher={Springer}
}

@article{7,
	title={Automatic Knee Osteoarthritis Diagnosis from Plain Radiographs: A Deep Learning-based Approach},
	author={Tiulpin, Aleksei and Thevenot, J{\'e}r{\^o}me and Rahtu, Esa and Lehenkari, Petri and Saarakkala, Simo},
	journal={Scientific reports},
	volume={8},
	number={1},
	pages={1727},
	year={2018},
	publisher={Nature Publishing Group}
}
@inproceedings{8,
	title={Knee osteoarthritis prediction on {MRIs} using cartilage damage index and machine learning methods},
	author={Du, Yaodong and Shan, Juan and Zhang, Ming},
	booktitle={Bioinformatics and Biomedicine (BIBM), 2017 IEEE International Conference on},
	pages={671--677},
	year={2017},
	organization={IEEE}
}
@inproceedings{9,
	title={Computer-Aided Segmentation System of Posterior Cruciate Ligament in Knee Joint from {CT} and {MRI} Using Anatomical Information: A Pilot Study of System Configuration},
	author={Uozumi, Yosuke and Nagamune, Kouki and Mizuno, Kiyonori},
	booktitle={Systems, Man, and Cybernetics (SMC), 2015 IEEE International Conference on},
	pages={2295--2298},
	year={2015},
	organization={IEEE}
}
@inproceedings{10,
	title={Classification of {MRI} images in 2D coronal view and measurement of articular cartilage thickness for early detection of knee osteoarthritis},
	author={Kumar, V Ashwin and Jayanthy, AK},
	booktitle={Recent Trends in Electronics, Information \& Communication Technology (RTEICT), IEEE International Conference on},
	pages={1907--1911},
	year={2016},
	organization={IEEE}
}
@article{11,
	title={Detecting early stage osteoarthritis by optical coherence tomography},
	author={Jahr, Holger and Nebelung, Sven},
	journal={Biomarkers},
	volume={20},
	number={8},
	pages={590--596},
	year={2015},
	publisher={Taylor \& Francis}
}
@article{12,
	title={Association between subchondral bone structure and osteoarthritis histopathological grade},
	author={Finnil{\"a}, Mikko AJ and Thevenot, J{\'e}r{\^o}me and Aho, Olli-Matti and Lehenkari, Petri},
	journal={Journal of Orthopaedic Research},
	volume={35},
	number={4},
	pages={785--792},
	year={2017},
	publisher={Wiley Online Library}
}
@inproceedings{13,
	title={Knee-joint tissue recognition in magnetic resonance imaging},
	author={Suponenkovs, Artjoms and Markovics, Zigurds and Platkajis, Ardis},
	booktitle={Neumann Colloquium (NC), 2017 IEEE 30th},
	pages={000041--000046},
	year={2017},
	organization={IEEE}
}
@article{14,
	title={Learning-Based Cost Functions for 3-D and 4-D Multi-Surface Multi-Object Segmentation of Knee {MRI}: Data From the Osteoarthritis Initiative},
	author={Kashyap, Satyananda and Zhang, Honghai and Rao, Karan and Sonka, Milan},
	journal={IEEE transactions on medical imaging},
	volume={37},
	number={5},
	pages={1103--1113},
	year={2018},
	publisher={IEEE}
}
@article{15,
	title={Radiological assessment of osteoarthritis},
	author={Kellgren, JH and Lawrence, JS},
	journal={Annals of the rheumatic diseases},
	volume={16},
	number={4},
	pages={494},
	year={1957},
	publisher={BMJ Publishing Group}
}
@misc{16,
	title={Classifications in brief: Kellgren-Lawrence classification of osteoarthritis},
	author={Kohn, Mark D and Sassoon, Adam A and Fernando, Navin D},
	year={2016},
	publisher={Springer}
}
@article{18,
	title={Imaging of osteoarthritis (OA): What is new?},
	author={Mathiessen, Alexander and Iagnocco, Annamaria and Conaghan, Philip G},
	journal={Best Practice \& Research Clinical Rheumatology},
	volume={30},
	number={4},
	pages={653--669},
	year={2016},
	publisher={Elsevier}
}
@inproceedings{19,
	title={Interpretation of movement during stair ascent for predicting severity and prognosis of knee osteoarthritis in elderly women using support vector machine},
	author={Yoo, Tae Keun and Kim, Sung Kean and Kim, Deok Won},
	booktitle={Engineering in Medicine and Biology Society (EMBC), 2013 35th Annual International Conference of the IEEE},
	pages={192--196},
	year={2013},
	organization={IEEE}
}
@article{20,
	title={Medical image analysis using wavelet transform and deep belief networks},
	author={Khatami, Amin and Khosravi, Abbas and Nguyen, Thanh and Lim, Chee Peng and Nahavandi, Saeid},
	journal={Expert Systems with Applications},
	volume={86},
	pages={190--198},
	year={2017},
	publisher={Elsevier}
}
@inproceedings{21,
	title={Osteoarthritis Severity Determination using Self Organizing Map Based Gabor Kernel},
	author={Anifah, L and Purnomo, MH and Mengko, TLR and Purnama, IKE},
	booktitle={IOP Conference Series: Materials Science and Engineering},
	volume={306},
	number={1},
	pages={012071},
	year={2018},
	organization={IOP Publishing}
}
@article{22,
	title={Texture analysis using complex wavelet decomposition for knee osteoarthritis detection: Data from the osteoarthritis initiative},
	author={Riad, Rabia and Jennane, Rachid and Brahim, Abdelbasset and Janvier, Thomas and Toumi, Hechmi and Lespessailles, Eric},
	journal={Computers \& Electrical Engineering},
	volume={68},
	pages={181--191},
	year={2018},
	publisher={Elsevier}
}
@article{mmdcae,
  title={Multimodal Deep Denoising Convolutional Autoencoders for Pain Intensity Classification based on Physiological Signals},
  author={Patrick, Thiam and Hans, A. K. and Friedhelm, S.},
  journal={The International Conference on Pattern Recognition Applications and Methods},
  year={2020}
}
@inproceedings{liang,
  author    = {M. Liang and Z. Li and T. Chen},
  title     = {Integrative Data Analysis of Multiplatform Cancer Data with a Multimodal Deep Learning Approach},
  booktitle = {Molecular Pharmaceutics},
  organization = {IEEE Transaction Computational Biology and Bioinformatics},
  pages     = {928--937},
  year      = {2015},
  volume    = {12}
}
@inproceedings{23,
	title={Fully automated shape analysis for detection of osteoarthritis from lateral knee radiographs},
	author={Minciullo, Luca and Cootes, Tim},
	booktitle={Pattern Recognition (ICPR), Intl. Conference on},
	pages={3787--3791},
	year={2016},
	organization={IEEE}
}
@inproceedings{24,
	title={Quantifying radiographic knee osteoarthritis severity using deep convolutional neural networks},
	author={Antony, Joseph and McGuinness, Kevin and O'Connor, Noel E and Moran, Kieran},
	booktitle={Pattern Recognition (ICPR), 23rd International Conference on},
	pages={1195--1200},
	year={2016},
	organization={IEEE}
}
@inproceedings{25,
	title={Automatic Detection of Knee Joints and Quantification of Knee Osteoarthritis Severity using Convolutional Neural Networks},
	author={Antony, Joseph and McGuinness, Kevin and Moran, Kieran and O’Connor, Noel E},
	booktitle={International Conference on Machine Learning and Data Mining in Pattern Recognition},
	pages={376--390},
	year={2017},
	organization={Springer}
}
@inproceedings{26,
	title={A novel method for automatic localization of joint area on knee plain radiographs},
	author={Tiulpin, Aleksei and Saarakkala, Simo},
	booktitle={Scandinavian Conference on Image Analysis},
	pages={290--301},
	year={2017},
	organization={Springer}
}
@article{27,
	title={Abnormality detection and localization in chest x-rays using deep convolutional neural networks},
	author={Islam, Mohammad Tariqul and Aowal, Md Abdul and Minhaz, Ahmed Tahseen and Ashraf, Khalid},
	journal={arXiv preprint arXiv:1705.09850},
	year={2017}
}
@inproceedings{28,
	title={Chestx-ray8: Hospital-scale chest x-ray database and benchmarks on weakly-supervised classification and localization of common thorax diseases},
	author={Wang, Xiaosong and Peng, Yifan and Lu, Le and Lu, Zhiyong and Bagheri, Mohammadhadi and Summers, Ronald M},
	booktitle={Computer Vision and Pattern Recognition (CVPR), 2017 IEEE Conference on},
	pages={3462--3471},
	year={2017},
	organization={IEEE}
}
@article{29,
	title={ChexNet: Radiologist-level pneumonia detection on chest x-rays with deep learning},
	author={Rajpurkar, Pranav and Irvin, Jeremy and Zhu, Kaylie  and Langlotz, Curtis and Shpanskaya, Katie and others},
	journal={arXiv:1711.05225},
	year={2017}
}
@article{30,
	title={Automated staging of knee osteoarthritis severity using deep neural networks},
	author={Suresha, S and Kidzi{\'n}ski, L and Halilaj, E and Gold, GE and Delp, SL},
	journal={OA and Cartilage},
	volume={26},
	pages={S441},
	year={2018},
	publisher={Elsevier}
}
@article{31,
	title={Imaging in Osteoarthritis},
	author={Hayashi, Daichi and Roemer and Guermazi, Ali},
	journal={Radiologic Clinics of North America},
	volume={55},
	number={5},
	pages={1085--1102},
	year={2017},
	publisher={Elsevier}
}
@inproceedings{32,
	title={A generalized contrast enhancement approach for knee MR images},
	author={Gandhamal, Akash and Talbar, Sanjay and Gajre, Suhas and Hani, Ahmad Fadzil Mohd and Kumar, Dileep},
	booktitle={Signal and Information Processing (IConSIP), International Conference on},
	pages={1--6},
	year={2016},
	organization={IEEE}
}
@inproceedings{33,
	title={Measurement of cartilage thickness for early detection of knee osteoarthritis},
	author={Kubakaddi, Sanjeevakumar and Harini, DG},
	booktitle={Point-of-Care Healthcare Technologies(PHT), 2013 IEEE},
	pages={208--211},
	year={2013},
	organization={IEEE}
}
@inproceedings{34,
	title={Automated segmentation and T2-mapping of the posterior cruciate ligament from {MRI} of the knee: Data from the osteoarthritis initiative},
	author={Paproki, Anthony and Wilson, Katharine J and Surowiec, Rachel K and Fripp, Jurgen},
	booktitle={13th International Symposium on Biomedical Imaging},
	pages={424--427},
	year={2016},
	organization={IEEE}
}
@article{35,
	title={Machine learning based analytics of micro-{MRI} trabecular bone microarchitecture and texture in type 1 Gaucher disease},
	author={Sharma, Gulshan B and Robertson, Douglas D and Laney, Dawn A and Gambello, Michael J and Terk, Michael},
	journal={Journal of biomechanics},
	volume={49},
	number={9},
	pages={1961--1968},
	year={2016},
	publisher={Elsevier}
}
@article{36,
	title={Automated segmentation and analysis of normal and osteoarthritic knee menisci from {MRI} from OAI},
	author={Paproki, Anthony and Neubert, Ales and Crozier, Stuart},
	journal={OA and cartilage},
	volume={22},
	number={9},
	pages={1259--1270},
	year={2014},
	publisher={Elsevier}
}
@article{37,
	title={WRIST: A WRist Image Segmentation Toolkit for carpal bone delineation from {MRI}},
	author={Foster, Brent and Joshi, Anand A and Borgese, Marissa and Abdelhafez, Yasser and Boutin, Robert D and Chaudhari, Abhijit J},
	journal={Computerized Medical Imaging and Graphics},
	volume={63},
	pages={31--40},
	year={2018},
	publisher={Elsevier}
}
@inproceedings{38,
	title={Extraction of whole and torn meniscus in {MRI} images and detection of meniscal tears},
	author={Dudhmande, RP and Rajurkar, AM and Kottawar, VG},
	booktitle={Intelligent Systems and Information Management (ICISIM), 2017 1st International Conference on},
	pages={11--17},
	year={2017},
	organization={IEEE}
}
@inproceedings{39,
	title={Automated anatomical landmark detection ondistal femur surface using convolutional neural network},
	author={Yang, Dong and Zhang, Shaoting and Yan, Zhennan and Tan, Chaowei and Li, Kang and Metaxas, Dimitris},
	booktitle={Biomedical Imaging (ISBI), 2015 IEEE 12th International Symposium on},
	pages={17--21},
	year={2015},
	organization={IEEE}
}
@inproceedings{40,
	title={An efficient classification method for knee MR image segmentation},
	author={Yamamoto, Yukiko and Tsuruta, Setsuo and Kobashi, Syoji and Sakurai, Yoshitaka and Knauf, Rainer},
	booktitle={Signal-Image Technology \& Internet-Based Systems (SITIS), 2016 12th International Conference on},
	pages={36--41},
	year={2016},
	organization={IEEE}
}
@article{41,
	title={{NEURALSEG}: state-of-the-art cartilage segmentation using deep learning of data from the osteoarthritis initiative},
	author={Gatti, AA},
	journal={OA and Cartilage},
	volume={26},
	pages={S47--S48},
	year={2018},
	publisher={Elsevier}
}
@article{42,
	title={Knee menisci segmentation using convolutional neural networks: data from the Osteoarthritis Initiative},
	author={Tack, Alexander and Mukhopadhyay, Anirban and Zachow, Stefan},
	journal={OA and cartilage},
	volume={26},
	number={5},
	pages={680--688},
	year={2018},
	publisher={Elsevier}
}
@article{lee2019explainable,
  title={An explainable deep-learning algorithm for the detection of acute intracranial haemorrhage from small datasets},
  author={Lee, Hyunkwang and Yune, Sehyo and Mansouri, Mohammad and Kim, Myeongchan and Tajmir, Shahein H and Guerrier, Claude E and Ebert, Sarah A and Pomerantz, Stuart R and Romero, Javier M and Kamalian, Shahmir and others},
  journal={Nature Biomedical Engineering},
  volume={3},
  number={3},
  pages={173},
  year={2019},
  publisher={Nature Publishing Group}
}
@article{43,
	title={Adversarial networks for the detection of aggressive prostate cancer},
	author={Kohl, Simon and Bonekamp, David and Schlemmer, Heinz-Peter and Maier-Hein, Klaus},
	journal={arXiv preprint arXiv:1702.08014},
	year={2017}
}
@INPROCEEDINGS{rezaul2019onconetexplainer, 
    author={M. R. {Karim} and M. {Cochez} and O. {Beyan} and S. {Decker} and C. {Lange}}, 
    booktitle={2019 IEEE 19th International Conference on Bioinformatics and Bioengineering (BIBE)}, 
    title={{OncoNetExplainer: Explainable Predictions of Cancer Types Based on Gene Expression Data}}, 
    year={2019}, 
    volume={}, 
    number={}, 
    pages={415-422}
    } 
@inproceedings{44,
	title={A Conditional Adversarial Network for Semantic Segmentation of Brain Tumor},
	author={Rezaei, Mina and Harmuth, Konstantin and Gierke, Willi and Kellermeier, Thomas and Fischer, Martin and Yang, Haojin and Meinel, Christoph},
	booktitle={International MICCAI Brainlesion Workshop},
	pages={241--252},
	year={2017},
	organization={Springer}
}
@inproceedings{45,
	title={The study of knee tibiofemoral condyle cartilage relaxation characters based on quantitative MR T2 imaging},
	author={Dai, Xu and Ronsky, Janet},
	booktitle={Medical Imaging Physics and Engineering (ICMIPE), 2013 IEEE International Conference on},
	pages={150--153},
	year={2013},
	organization={IEEE}
}
@article{46,
	title={Intraoperative validation of quantitative T2 mapping in patients with articular cartilage lesions of the knee},
	author={Soellner, ST and Goldmann, A and Muelheims, D and Welsch, GH and Pachowsky, ML},
	journal={OA and cartilage},
	volume={25},
	number={11},
	pages={1841--1849},
	year={2017},
	publisher={Elsevier}
}
@article{47,
	title={Magnetic Resonance Imaging of synovitis in knees of patients with osteoarthritis without injected contrast agents using T1 quantification},
	author={Burnett, C and Wright, P and Ridgway, J},
	journal={Radiography},
	year={2018},
	publisher={Elsevier}
}
@article{48,
	title={Diseased region detection of longitudinal knee magnetic resonance imaging data},
	author={Huang, Chao and Wirth, Wolfgang and Niethammer, Marc and Zhu, Hongtu},
	journal={IEEE transactions on medical imaging},
	volume={34},
	number={9},
	pages={1914--1927},
	year={2015},
	publisher={IEEE}
}
@inproceedings{49,
	title={In vivo micron scale arthroscopic imaging of human knee osteoarthritis with OCT: Comparison with {MRI} and arthroscopy},
	author={Zheng, Kathy and Martin, Scott and Rashidifard, Christopher and Liu, Bin and Brezinski, Mark E},
	booktitle={Conference on Lasers and Electro-Optics},
	pages={CMCC3},
	year={2009},
	organization={Optical Society of America}
}
@article{50,
	title={Computer-aided diagnosis in phase contrast imaging X-ray computed tomography for quantitative characterization of ex vivo human patellar cartilage},
	author={Nagarajan, Mahesh B and Coan, Paola and Huber, Markus B and Diemoz, Paul C and Glaser, Christian and Wism{\"u}ller, Axel},
	journal={IEEE Transactions on Biomedical Engineering},
	volume={60},
	number={10},
	pages={2896--2903},
	year={2013},
	publisher={IEEE}
}
@article{51,
	title={Deep transfer learning for characterizing chondrocyte patterns in phase contrast X-Ray computed tomography images of the human patellar cartilage},
	author={Abidin, Anas Z and Deng, Botao and DSouza, Adora M and Nagarajan, Mahesh B and Coan, Paola and Wism{\"u}ller, Axel},
	journal={Computers in biology and medicine},
	volume={95},
	pages={24--33},
	year={2018},
	publisher={Elsevier}
}
@article{52,
	title={A web-based system for neural network based classification in temporomandibular joint osteoarthritis},
	author={de Dumast, Priscille and Mirabel, Cl{\'e}ment and Cevidanes, Lucia and Ruellas, Antonio and Yatabe, Marilia and Ioshida, Marcos and Ribera, Nina Tubau and Michoud, Loic and Gomes, Liliane and Huang, Chao and others},
	journal={Computerized Medical Imaging and Graphics},
	volume={67},
	pages={45--54},
	year={2018},
	publisher={Elsevier}
}
@inproceedings{53,
	title={Enhancement and automated segmentation of ultrasound knee cartilage for early diagnosis of knee osteoarthritis},
	author={Desai, Prajna Ramesh and Hacihaliloglu, Ilker},
	booktitle={Biomedical Imaging (ISBI 2018), 2018 IEEE 15th International Symposium on},
	pages={1471--1474},
	year={2018},
	organization={IEEE}
}
@article{54,
	title={Contrast enhancement of ultrasound imaging of the knee joint cartilage for early detection of knee osteoarthritis},
	author={Hossain, Md Belayet and Lai, Khin Wee and Pingguan-Murphy, Belinda and Hum, Yan Chai and Salim, Maheza Irna Mohd and Liew, Yih Miin},
	journal={Biomedical Signal Processing and Control},
	volume={13},
	pages={157--167},
	year={2014},
	publisher={Elsevier}
}
@inproceedings{zhou2016learning,
  title={Learning deep features for discriminative localization},
  author={Zhou, Bolei and Khosla, Aditya and Torralba, Antonio},
  booktitle={Proceedings of the IEEE conference on computer vision and pattern recognition},
  pages={2921--2929},
  year={2016}
}

@article{55,
	title={Analysis and multiclass classification of pathological knee joints using vibroarthrographic signals},
	author={Krecisz, Krzysztof and Baczkowicz, Dawid},
	journal={Computer methods and programs in biomedicine},
	volume={154},
	pages={37--44},
	year={2018},
	publisher={Elsevier}
}
@article{56,
	title={Fourier transform infrared spectroscopic imaging application for multi-stage discrimination in cartilage degeneration},
	author={Wang, Xiao and Lu, Yan-Fei and Yin, Jian-Hua},
	journal={Infrared Physics \& Technology},
	year={2018},
	publisher={Elsevier}
}
@article{tiulpin2018automatic,
  title={Automatic knee osteoarthritis diagnosis from plain radiographs: A deep learning-based approach},
  author={Tiulpin, Aleksei and Thevenot, J{\'e}r{\^o}me and Rahtu, Esa and Lehenkari, Petri and Saarakkala, Simo},
  journal={Scientific reports},
  volume={8},
  number={1},
  pages={1--10},
  year={2018},
  publisher={Nature Publishing Group}
}
@article{57,
	title={A deep learning based fast image saliency detection algorithm},
	author={Pan, Hengyue and Jiang, Hui},
	journal={arXiv preprint arXiv:1602.00577},
	year={2016}
}

@article{58,
	author={Baratloo, Alireza and Hosseini, Mostafa and El Ashal, Gehad},
	title={Simple Definition and Calculation of Accuracy, Sensitivity and Specificity},
	journal={Emergency (Tehran, Iran)},
	year={2015},
	publisher={Shahid Beheshti University of Medical Sciences},
	volume={3},
	number={2},
	pages={48-49}
}
@article{59,
	title={Measuring the performance of ordinal classification},
	author={Cardoso, Jaime S and Sousa, Ricardo},
	journal={International Journal of Pattern Recognition and Artificial Intelligence},
	volume={25},
	number={08},
	pages={1173--1195},
	year={2011},
	publisher={World Scientific}
}
@inproceedings{60,
	title={Evaluation methods for ordinal classification},
	author={Gaudette, Lisa and Japkowicz, Nathalie},
	booktitle={Canadian Conference on Artificial Intelligence},
	pages={207--210},
	year={2009},
	organization={Springer}
}
@inproceedings{61,
	title={Evaluation measures for ordinal regression},
	author={Baccianella, Stefano and Esuli, Andrea and Sebastiani, Fabrizio},
	booktitle={2009 Ninth international conference on intelligent systems design and applications},
	pages={283--287},
	year={2009},
	organization={IEEE}
}
@article{62,
	title={Low dose CT image denoising using a generative adversarial network with Wasserstein distance and perceptual loss},
	author={Yang, Qingsong and Yan, Pingkun and Zhang, Yanbo and Yu, Hengyong and Shi, Yongyi and Mou, Xuanqin and Kalra, Mannudeep K and Zhang, Yi and Sun, Ling and Wang, Ge},
	journal={IEEE transactions on medical imaging},
	year={2018},
	publisher={IEEE}
}
@article{63,
	title={Amortised map inference for image super-resolution},
	author={S{\o}nderby, Casper Kaae and Caballero, Jose and Theis, Lucas and Shi, Wenzhe and Husz{\'a}r, Ferenc},
	journal={arXiv preprint arXiv:1610.04490},
	year={2016}
}
@inproceedings{64,
	title={Photo-Realistic Single Image Super-Resolution Using a Generative Adversarial Network.},
	author={Ledig, Christian and Theis, Lucas and Husz{\'a}r, Ferenc and Caballero, Jose and Cunningham, Andrew and Acosta, Alejandro and Aitken, Andrew P and Tejani, Alykhan and Totz, Johannes and Wang, Zehan and others},
	booktitle={CVPR},
	volume={2},
	number={3},
	pages={4},
	year={2017}
}
@article{65,
	title={Simultaneously color-depth super-resolution with conditional generative adversarial network},
	author={Zhao, Lijun and Bai, Huihui and Liang, Jie and Zeng, Bing and Wang, Anhong and Zhao, Yao},
	journal={arXiv preprint arXiv:1708.09105},
	year={2017}
}
@article{66,
	title={{MRI} artifacts and correction strategies},
	author={Smith, Travis B and Nayak, Krishna S},
	journal={Imaging in Medicine},
	volume={2},
	number={4},
	pages={445--457},
	year={2010},
	publisher={Open Access Journals}
}
@book{67,
	title={Osteoarthritis: Pathogenesis, diagnosis, available treatments, drug safety, regenerative and precision medicine},
	author={Kapoor, Mohit and Mahomed, Nizar N},
	year={2015},
	publisher={Springer}
}
@article{68,
	title={Joint space narrowing and Kellgren--Lawrence progression in knee osteoarthritis: an analytic literature synthesis},
	author={Emrani, Parastu S and Katz, Jeffrey N and Kessler, Courtenay L and Reichmann, William M and Wright, Elizabeth A and McAlindon, Timothy E and Losina, Elena},
	journal={OA and Cartilage},
	volume={16},
	number={8},
	pages={873--882},
	year={2008},
	publisher={Elsevier}
}
@article{69,
	title={Quantitative radiography of osteoarthritis.},
	author={Buckland-Wright, JC},
	journal={Annals of the rheumatic diseases},
	volume={53},
	number={4},
	pages={268},
	year={1994},
	publisher={BMJ Publishing Group}
}
@inproceedings{70,
	title={Features and modalities for assessing early knee osteoarthritis},
	author={Hani, Ahmad Fadzil Mohd and Malik, Aamir Saeed and Kumar, Dileep and Kamil, Raja and Razak, Ruslan and Kiflie, Azman},
	booktitle={Proceedings of the 2011 International Conference on Electrical Engineering and Informatics},
	pages={1--6},
	year={2011},
	organization={IEEE}
}
@inproceedings{71,
	title={Development of a non-invasive diagnostic tool for early detection of knee osteoarhritis},
	author={Kumar, Dileep and Hani, Ahmad Fadzil Mohd and Kiflie, Azman},
	booktitle={2011 National Postgraduate Conference},
	pages={1--6},
	year={2011},
	organization={IEEE}
}
@article{LRP1,
  title={On pixel-wise explanations for non-linear classifier decisions by layer-wise relevance propagation},
  author={Bach, Sebastian and Binder, Alexander and Montavon, Gr{\'e}goire and Klauschen, Frederick and M{\"u}ller, Klaus-Robert and Samek, Wojciech},
  journal={PloS one},
  volume={10},
  number={7},
  year={2015},
  publisher={Public Library of Science}
}

@article{DTD,
  title={Explaining nonlinear classification decisions with deep taylor decomposition},
  author={Montavon, Gr{\'e}goire and Lapuschkin, Sebastian and M{\"u}ller, Klaus-Robert},
  journal={Pattern Recognition},
  volume={65},
  pages={211--222},
  year={2017},
  publisher={Elsevier}
}

@article{LRP2,
  title={Explaining Convolutional Neural Networks using Softmax Gradient Layer-wise Relevance Propagation},
  author={Iwana, Brian Kenji and Kuroki, Ryohei and Uchida, Seiichi},
  journal={arXiv:1908.04351},
  year={2019}
}
@inproceedings{LRP3,
  title={Understanding individual decisions of cnns via contrastive backpropagation},
  author={Gu, Jindong and Yang, Yinchong and Tresp, Volker},
  booktitle={Asian Conference on Computer Vision},
  pages={119--134},
  year={2018},
  organization={Springer}
}
@article{kim2020extending,
  title={Extending Class Activation Mapping Using Gaussian Receptive Field},
  author={Kim, Bum Jun and Koo, Gyogwon and Choi, Hyeyeon and Kim, Sang Woo},
  journal={arXiv:2001.05153},
  year={2020}
}

@article{72,
	title={The role of imaging modalities in diagnosis, differential diagnosis \& clinical assessment of peripheral joint osteoarthritis},
	author={Wenham, CYJ and Grainger, AJ and Conaghan, PG},
	journal={OA and cartilage},
	volume={22},
	number={10},
	pages={1692--1702},
	year={2014},
	publisher={Elsevier}
}
@article{73,
	title = {Imaging for osteoarthritis},
	journal = {Annals of Physical \& Rehabilitation Medicine},
	volume = {59},
	number = {3},
	pages = {161 - 169},
	year = {2016},
	issn = {1877-0657},
	author = {D. Hayashi and A. Guermazi},
}
@article{74,
	title={New imaging modalities to predict and evaluate osteoarthritis progression},
	author={Hafezi-Nejad, Nima and Guermazi, Ali and Demehri, Shadpour and Roemer, Frank W},
	journal={Best Practice \& Research Clinical Rheumatology},
	year={2018},
	publisher={Elsevier}
}
@article{75,
	title={Radiographic assessment of progression in osteoarthritis},
	author={Altman, Roy D and Fries, James F and Bloch, Daniel A and Carstens, John and Mb, T Cooke Derek and Genant, Harry and Gofton, Philip and Groth, Harry and Mcshane, Dennis J and Murphy, William A and others},
	journal={Arthritis \& Rheumatism},
	volume={30},
	number={11},
	pages={1214--1225},
	year={1987},
	publisher={Wiley Online Library}
}
@article{76,
	title={Radiographic assessment of leg alignment and grading of knee osteoarthritis: A critical review},
	author={Sheehy, Lisa and Cooke, T Derek V},
	journal={World Journal of Rheumatology},
	volume={5},
	number={2},
	pages={69--81},
	year={2015},
	publisher={Baishideng Publishing Group Inc.}
}
@article{77,
	title={{MR} findings in knee osteoarthritis},
	author={Guermazi, Ali and Zaim, Souhil and Taouli, Bachir and Genant, Harry K},
	journal={European radiology},
	volume={13},
	number={6},
	pages={1370--1386},
	year={2003},
	publisher={Springer}
}
@article{78,
	title={Magnetic resonance imaging of the knee and hip},
	author={Stoller, David W and Genant, Harry K},
	journal={Arthritis \& Rheumatism: Official Journal of the American College of Rheumatology},
	volume={33},
	number={3},
	pages={441--449},
	year={1990},
	publisher={Wiley Online Library}
}
@article{79,
	title={{MRI} protocols for whole-organ assessment of the knee in osteoarthritis},
	author={Peterfy, CG and Gold, G and Eckstein, F and Cicuttini, Flavia and Dardzinski, B and Stevens, R},
	journal={OA and Cartilage},
	volume={14},
	pages={95--111},
	year={2006},
	publisher={Elsevier}
}
@article{80,
	title={Quantitative magnetic resonance imaging of articular cartilage in osteoarthritis},
	author={Blumenkrantz, Gabrielle and Majumdar, Sharmila},
	journal={Eur Cell Mater},
	volume={13},
	number={7},
	year={2007}
}
@article{81,
	title={Osteoarthritis year in review 2017: updates on imaging advancements},
	author={Hafezi-Nejad, N and Demehri, Shadpour and Guermazi, A and Carrino, JA},
	journal={OA and cartilage},
	volume={26},
	number={3},
	pages={341--349},
	year={2018},
	publisher={Elsevier}
}
@article{82,
	title={Comparison of BLOKS and WORMS scoring systems part I. Cross sectional comparison of methods to assess cartilage morphology, meniscal damage and bone marrow lesions on knee {MRI}: data from the osteoarthritis initiative},
	author={Lynch, John A and Roemer, Frank W and Nevitt, Michael C and Guermazi, Ali},
	journal={OA and cartilage},
	volume={18},
	number={11},
	pages={1393--1401},
	year={2010},
	publisher={Elsevier}
}
@article{83,
	title={Comparison of diagnostic performance of semi-quantitative knee ultrasound and knee radiography with {MRI}: Oulu knee osteoarthritis study},
	author={Podlipsk{\'a}, Jana and Guermazi, Ali and Lehenkari, Petri and Niinim{\"a}ki, Jaakko and Roemer, Frank W and Arokoski, Jari P and Kaukinen, P{\"a}ivi and Liukkonen, Esa and Lammentausta, Eveliina and Nieminen, Miika T and others},
	journal={Scientific reports},
	volume={6},
	pages={22365},
	year={2016},
	publisher={Nature Publishing Group}
}
@article{84,
	title={Snapshot ensembles: Train 1, get m for free},
	author={Huang, Gao and Li, Yixuan and Pleiss, Geoff and Weinberger, Kilian Q},
	journal={arXiv:1704.00109},
	year={2017}
}
@inproceedings{85,
	title={Image enhancement with the application of local and global enhancement methods for dark images},
	author={Singh, Kambam Bijen and Mahendra, Telajala Venkata and Kurmvanshi, Ravi Singh and Rao, Ch V Rama},
	booktitle={2017 International Conference on Innovations in Electronics, Signal Processing and Communication (IESC)},
	pages={199--202},
	year={2017},
	organization={IEEE}
}
@article{wang2020covid,
  title={{COVID-Net}: A Tailored Deep Convolutional Neural Network Design for Detection of {COVID-19} Cases from Chest {X-ray} Images},
  author={Wang, Linda and Wong, Alexander},
  journal={arXiv:2003.09871},
  year={2020}
}
@article{RT_PCR,
    title={COVID-19},
    author={Candace, Makeda Moore and Daniel},
    url={https://radiopaedia.org/articles/covid-19-3?lang=us},
    year = {2020}, 
    note = {Online; accessed April-July-2020}
}

@article{gozes2020rapid,
  title={Rapid {AI} development cycle for coronavirus pandemic: Initial results for automated detection \& patient monitoring using deep learning {CT} image analysis},
  author={Gozes, Ophir and Siegel, Eliot},
  journal={arXiv:2003.05037},
  year={2020}
}
@article{xu2020deep,
  title={Deep Learning System to Screen Coronavirus Disease 2019 Pneumonia},
  author={Xu, Xiaowei and Jiang, Xiangao and Ma, Chunlian and Du, Peng and Li, Xukun and Lv, Shuangzhi and Yu, Liang and Chen, Yanfei and Su, Junwei and Lang, Guanjing and others},
  journal={arXiv:2002.09334},
  year={2020}
}
@article{cohen2020covid,
  title={{COVID-19} image data collection},
  author={Joseph Paul Cohen and Paul Morrison and Lan Dao},
  journal={arXiv 2003.11597},
  url={https://github.com/ieee8023/covid-chestxray-dataset},
  year={2020}
}
@article{clauset2009power,
  title={Power-law distributions in empirical data},
  author={Clauset, Aaron and Shalizi, Cosma Rohilla and Newman, Mark EJ},
  journal={SIAM review},
  volume={51},
  number={4},
  pages={661--703},
  year={2009},
  publisher={SIAM}
}
@inproceedings{86,
	title={A combined effect of local and global method for contrast image enhancement},
	author={Pathak, Sampada S and Dahiwale, Prashant and Padole, Ganesh},
	booktitle={International Conference on Engineering \& Technology},
	pages={1--5},
	year={2015},
	organization={IEEE}
}
@article{martin2019traditional,
  title={Traditional and heavy-tailed self regularization in neural network models},
  author={Martin, Charles H and Mahoney, Michael W},
  journal={arXiv:1901.08276},
  year={2019}
}
@inproceedings{87,
	title={Automatic histogram-based contrast enhancement for low-contrast images with small-sized objects},
	author={Yelmanova, Elena S and Romanyshyn, Yuriy M},
	booktitle={2017 IEEE First Ukraine Conference on Electrical and Computer Engineering (UKRCON)},
	pages={965--970},
	year={2017},
	organization={IEEE}
}
@inproceedings{88,
	title={Comparison of contrast enhancement techniques for medical image},
	author={Kaur, Randeep and Kaur, Sandeep},
	booktitle={2016 Conference on Emerging Devices and Smart Systems (ICEDSS)},
	pages={155--159},
	year={2016},
	organization={IEEE}
}
@inproceedings{89,
	title={Automatic Enhancement of Low-Contrast Monochrome Images},
	author={Yelmanov, Sergei and Romanyshyn, Yuriy},
	booktitle={2018 IEEE 38th International Conference on Electronics and Nanotechnology (ELNANO)},
	pages={587--593},
	year={2018},
	organization={IEEE}
}
@inproceedings{90,
	title={Modified histogram based contrast enhancement using homomorphic filtering for medical images},
	author={Agarwal, Tarun Kumar and Lamba, Subir Singh},
	booktitle={IEEE Inl. Advance Computing Conf.~(IACC)},
	pages={964--968},
	year={2014},
	organization={IEEE}
}
@article{91,
	title={Contrast enhancement using recursive mean-separate histogram equalization for scalable brightness preservation},
	author={Chen, Soong-Der and Ramli, Abd Rahman},
	journal={IEEE Transactions on consumer Electronics},
	volume={49},
	number={4},
	pages={1301--1309},
	year={2003},
	publisher={IEEE}
}
@article{92,
	title={Various image enhancement techniques-a critical review},
	author={Bedi, SS and Khandelwal, Rati},
	journal={International Journal of Advanced Research in Computer and Communication Engineering},
	volume={2},
	number={3},
	year={2013}
}
@article{93,
	title={Image enhancement via adaptive unsharp masking},
	author={Polesel, Andrea and Mathews, V John},
	journal={IEEE transactions on image procesing},
	volume={9},
	number={3},
	pages={505-510},
	year={2000},
	publisher={IEEE}
}
@article{94,
	title={Image noise reduction and filtering techniques},
	author={Hambal, Abdalla Mohamed and Pei, Zhijun and Ishabailu, Faustini Libent},
	journal={International Journal of Science and Research (IJSR)},
	volume={6},
	number={3},
	pages={2033--2038},
	year={2017}
}
@article{95,
	title={Image denoising using variations of {Perona-Malik} model with different edge stopping functions},
	author={Kamalaveni, V and and Narayanankutty, KA},
	journal={Procedia Computer Science},
	volume={58},
	pages={673--682},
	year={2015},
	publisher={Elsevier}
}
@article{96,
	title={Scale-space and edge detection using anisotropic diffusion},
	author={Perona, Pietro and Malik, Jitendra},
	journal={IEEE Tras. on pattern analysis and machine intelligence},
	volume={12},
	number={7},
	pages={629--639},
	year={1990},
	publisher={IEEE}
}
@article{97,
	title={Robust anisotropic diffusion},
	author={Black, Michael J and Sapiro, Guillermo and Marimont, David H and Heeger, David},
	journal={IEEE Transactions on image processing},
	volume={7},
	number={3},
	pages={421--432},
	year={1998},
	publisher={IEEE}
}
@article{98,
	title={Automatic liver segmentation in {MRI} images using an iterative watershed algorithm and artificial neural network},
	author={Masoumi, Hassan and Behrad, Alireza and Pourmina, Mohammad Ali and Roosta, Alireza},
	journal={Biomedical signal processing and control},
	volume={7},
	number={5},
	pages={429--437},
	year={2012},
	publisher={Elsevier}
}
@article{99,
	title={Machine learning classifiers and f{MRI}: a tutorial overview},
	author={Pereira, Francisco and Mitchell, Tom and Botvinick, Matthew},
	journal={Neuroimage},
	volume={45},
	number={1},
	pages={S199--S209},
	year={2009},
	publisher={Elsevier}
}
@article{100,
	title={A fully convolutional neural network for cardiac segmentation in short-axis {MRI}},
	author={Tran, Phi Vu},
	journal={arXiv preprint arXiv:1604.00494},
	year={2016}
}
@inproceedings{101,
	title={Fully convolutional networks for semantic segmentation},
	author={Long, Jonathan and Shelhamer, Evan and Darrell, Trevor},
	booktitle={Proceedings of the IEEE conference on computer vision and pattern recognition},
	pages={3431--3440},
	year={2015}
}
@article{102,
	title={A guide to convolution arithmetic for deep learning},
	author={Dumoulin, Vincent and Visin, Francesco},
	journal={arXiv preprint arXiv:1603.07285},
	year={2016}
}
@incollection{103,
	title={A Brief Survey and an Application of Semantic Image Segmentation for Autonomous Driving},
	author={Kaymak, {\c{C}}a{\u{g}}r{\i} and U{\c{c}}ar, Ay{\c{s}}eg{\"u}l},
	booktitle={Handbook of Deep Learning Applications},
	pages={161--200},
	year={2019},
	publisher={Springer}
}
@inproceedings{104,
	title={U-net: Convolutional networks for biomedical image segmentation},
	author={Ronneberger, Olaf and Fischer, Philipp and Brox, Thomas},
	booktitle={International Conference on Medical image computing and computer-assisted intervention},
	pages={234--241},
	year={2015},
	organization={Springer}
}
@incollection{105,
	title={The importance of skip connections in biomedical image segmentation},
	author={Drozdzal, Michal and Vorontsov, Eugene and Pal, Chris},
	booktitle={Deep Learning and Data Labeling for Medical Applications},
	pages={179--187},
	year={2016},
	publisher={Springer}
}
@inproceedings{106,
	title={Deep residual learning for image recognition},
	author={He, Kaiming and Zhang, Xiangyu and Ren, Shaoqing and Sun, Jian},
	booktitle={Proc. of the IEEE CVPR},
	pages={770--778},
	year={2016}
}
@inproceedings{107,
	title={Aggregated residual transformations for deep neural networks},
	author={Xie, Saining and Girshick, Ross and He, Kaiming},
	booktitle={proc. of IEEE conference on computer vision and pattern recognition},
	pages={1492--1500},
	year={2017}
}
@article{108,
	title={Very deep convolutional networks for large-scale image recognition},
	author={Simonyan, Karen and Zisserman, Andrew},
	journal={arXiv:1409.1556},
	year={2014}
}
@inproceedings{109,
	title={Densely connected convolutional networks},
	author={Huang, Gao and Liu, Zhuang and Weinberger, Kilian Q},
	booktitle={proc of the IEEE CVPR},
	pages={4700--4708},
	year={2017}
}
@inproceedings{110,
	title={Faster r-cnn: Towards real-time object detection with region proposal networks},
	author={Ren, Shaoqing and He, Kaiming and Girshick, Ross and Sun, Jian},
	booktitle={Advances in neural information processing systems},
	pages={91--99},
	year={2015}
}
@article{111,
	title={Bootstrapping face detection with hard negative examples},
	author={Wan, Shaohua and Chen, Zhijun and Zhang, Tao and Zhang, Bo and Wong, Kong-kat},
	journal={arXiv preprint arXiv:1608.02236},
	year={2016}
}
@article{112,
	title={Spatial pyramid pooling in deep convolutional networks for visual recognition},
	author={He, Kaiming and Zhang, Xiangyu and Ren, Shaoqing and Sun, Jian},
	journal={IEEE transactions on pattern analysis and machine intelligence},
	volume={37},
	number={9},
	pages={1904--1916},
	year={2015},
	publisher={IEEE}
}
@inproceedings{113,
	title={Grad-cam++: Generalized gradient-based visual explanations for convolutional networks},
	author={Chattopadhay, Aditya and Howlader, Prantik and Balasubramanian, Vineeth N},
	booktitle={2018 IEEE Winter Conference on Applications of Computer Vision (WACV)},
	pages={839--847},
	year={2018},
	organization={IEEE}
}
@article{huang2017snapshot,
	title={Snapshot Ensembles: Train 1, get m for free},
	author={Huang, Gao and Li, Yixuan and Pleiss, Geoff and Weinberger, Kilian Q},
	journal={arXiv:1704.00109},
	year={2017}
}
@inproceedings{114,
  title={{Grad-CAM}: Visual explanations from deep networks via gradient-based localization},
  author={Selvaraju, Ramprasaath R and Cogswell, Michael and Parikh, Devi and Batra, Dhruv},
  booktitle={Proceedings of the IEEE ICCV},
  pages={618--626},
  year={2017}
}
@article{115,
	title={Applying Densely Connected Convolutional Neural Networks for Staging Osteoarthritis Severity from Plain Radiographs},
	author={Norman, Berk and Pedoia, Valentina and Majumdar, Sharmila},
	journal={Journal of digital imaging},
	pages={1--7},
	year={2018},
	publisher={Springer}
}
@article{COVID1,
	title={X-ray may be missing {COVID} cases found with {CT}},
	author={Kate Madden Yee},
	journal={Korean Journal of Radiology},
	pages={1--7},
	year={2020}
}
@article{COVID2,
  title={Sensitivity of chest {CT} for {COVID-19}: comparison to {RT-PCR}},
  author={Fang, Yicheng and Zhang, Huangqi and Xie, Jicheng and Lin, Minjie and Ying, Lingjun and Pang, Peipei and Ji, Wenbin},
  journal={Radiology},
  pages={200432},
  year={2020},
  publisher={Radiological Society of North America}
}
@article{COVID3,
  title={Correlation of chest {CT} and {RT-PCR} testing in coronavirus disease 2019 ({COVID-19}) in {China}: a report of 1014 cases},
  author={Ai, Tao and Yang, Zhenlu and Hou, Hongyan and Zhan, Chenao and Xia, Liming},
  journal={Radiology},
  pages={200642},
  year={2020},
  publisher={Radiological Society of North America}
}
@article{loshchilov2016sgdr,
  title={{SGDR: Stochastic Gradient Descent with Warm Restarts}},
  author={Loshchilov, Ilya and Hutter, Frank},
  journal={arXiv:1608.03983},
  year={2016}
}
@Article{karimACCA2019,
    author = "Md. Rezaul Karim and Oya Beyan and Stefan Decker and Oya Beyan",
    title = "A snapshot neural ensemble method for cancer type prediction based on copy number variations", 
    year =         "2019",
    journal =      "Neural Computing and Applications",
    volume =       "67(1)"
  }
@article{116,
  title={Multimodal machine learning-based knee osteoarthritis progression prediction from plain radiographs and clinical data},
  author={Tiulpin, Aleksei and Klein, Stefan and Bierma-Zeinstra, Sita MA and Thevenot, J{\'e}r{\^o}me and Rahtu, Esa and van Meurs, Joyce and Oei, Edwin HG and Saarakkala, Simo},
  journal={Scientific Reports},
  volume={9},
  number={1},
  pages={1--11},
  year={2019},
  publisher={Nature Publishing Group}
}
@inproceedings{117,
	title={Unitbox: An advanced object detection network},
	author={Yu, Jiahui and Jiang, Yuning and Wang, Zhangyang and Cao, Zhimin and Huang, Thomas},
	booktitle={Proceedings of the 24th ACM international conference on Multimedia},
	pages={516--520},
	year={2016},
	organization={ACM}
}
@article{118,
	title={An explainable deep-learning algorithm for the detection of acute intracranial haemorrhage from small datasets},
	author={Lee, Hyunkwang and Yune, Sehyo and Mansouri, Mohammad and Kim, Myeongchan and Kamalian, Shahmir and others},
	journal={Nature Biomedical Engineering},
	volume={3},
	number={3},
	pages={173},
	year={2019},
	publisher={Nature Publishing Group}
}
@article{119,
	title={The Multicenter Osteoarthritis Study (MOST): Opportunities for Rehabilitation Research},
	author={Segal, Neil A and Nevitt, Michael C and Gross, K Douglas and Hietpas, Jean and Glass, Natalie A and Lewis, Cora E and Torner, James C},
	journal={PM \& R: the journal of injury, function, and rehabilitation},
	volume={5},
	number={8},
	year={2013},
	publisher={NIH Public Access}
}
@article{120,
	title={The economic burden of disabling hip and knee osteoarthritis (OA) from the perspective of individuals living with this condition},
	author={Gupta, Sanjay and Hawker, GA and Laporte, A and Croxford, R and Coyte, PC},
	journal={Rheumatology},
	volume={44},
	number={12},
	pages={1531--1537},
	year={2005},
	publisher={Oxford University Press}
}
@article{121,
  title={Osteoarthritis classification using self organizing map based on gabor kernel and contrast-limited adaptive histogram equalization},
  author={Anifah, Lilik and Purnama, I Ketut Eddy and Hariadi, Mochamad and Purnomo, Mauridhi Hery},
  journal={The open biomedical engineering journal},
  volume={7},
  pages={18},
  year={2013},
  publisher={Bentham Science Publishers}
}
@article{122,
  title={Local binary pattern approach to the classification of osteoarthritis in knee x-ray images},
  author={Subramoniam, M and Rajini, V},
  journal={Asian Journal of Scientific Research},
  volume={6},
  number={4},
  pages={805--811},
  year={2013},
  publisher={Asian Network for Scientific Information (ANSINET)}
}

@article{bullock2020mapping,
  title={Mapping the Landscape of Artificial Intelligence Applications against {COVID-19}},
  author={Bullock, Joseph and Pham, Katherine Hoffmann and Luengo-Oroz, Miguel},
  journal={arXiv:2003.11336},
  year={2020}
}

@article{narin2020automatic,
  title={Automatic Detection of Coronavirus Disease using {X-ray} Images and Deep Convolutional Neural Networks},
  author={Narin, Ali and Kaya, Ceren and Pamuk, Ziynet},
  journal={arXiv:2003.10849},
  year={2020}
}

@article{ghoshal2020estimating,
  title={Estimating Uncertainty and Interpretability in Deep Learning for Coronavirus ({COVID-19}) Detection},
  author={Ghoshal, Biraja and Tucker, Allan},
  journal={arXiv:2003.10769},
  year={2020}
}
@article{xu2020deep,
  title={Deep Learning System to Screen Coronavirus Disease 2019 Pneumonia},
  author={Xu, Xiaowei and Jiang, Xiangao and Ma, Chunlian and Du, Peng and Li, Xukun and Lv, Shuangzhi and Yu, Liang and Chen, Yanfei and Su, Junwei and Lang, Guanjing and others},
  journal={arXiv preprint arXiv:2002.09334},
  year={2020}
}
@article{ozturk2020automated,
  title={Automated detection of {COVID-19} cases using deep neural networks with {X-ray} images},
  author={Ozturk, Tulin and Acharya, U Rajendra},
  journal={Computers in Biology and Medicine},
  pages={103792},
  year={2020},
  publisher={Elsevier}
}
@article{tabik2020covidgr,
  title={{COVIDGR} dataset and {COVID-SDNet} methodology for predicting {COVID-19} based on Chest {X-ray} images},
  author={Tabik, S and G{\'o}mez-R{\'\i}os, A and Valero-Gonz{\'a}lez, MA and others},
  journal={arXiv preprint arXiv:2006.01409},
  year={2020}
}
@article{chen2020deep,
  title={Deep learning-based model for detecting 2019 novel coronavirus pneumonia on high-resolution computed tomography: a prospective study},
  author={Chen, Jun and Wu, Lianlian and Zhang, Jun and Zhang, Liang and Gong, Dexin and Zhao, Yilin and Hu, Shan and Wang, Yonggui and Hu, Xiao and Zheng, Biqing and others},
  journal={medRxiv},
  year={2020},
  publisher={Cold Spring Harbor Laboratory Press}
}

@article{song2020deep,
  title={Deep learning Enables Accurate Diagnosis of Novel Coronavirus (COVID-19) with CT images},
  author={Song, Ying and Zheng, Shuangjia and Li, Liang and Zhang, Xiang and Zhang, Xiaodong and Huang, Ziwang and Chen, Jianwen and Zhao, Huiying and Jie, Yusheng and Wang, Ruixuan and others},
  journal={medRxiv},
  year={2020},
  publisher={Cold Spring Harbor Laboratory Press}
}

@article{shan+2020lung,
  title={Lung Infection Quantification of COVID-19 in CT Images with Deep Learning},
  author={Shan+, Fei and Gao+, Yaozong and Wang, Jun and Shi, Weiya and Shi, Nannan and Han, Miaofei and Xue, Zhong and Shen, Dinggang and Shi, Yuxin},
  journal={arXiv preprint arXiv:2003.04655},
  year={2020}
}
@article{karimBIB2019,
    author = {Karim, Md Rezaul and Beyan, Oya and Zappa, Achille and Costa, Ivan G and Rebholz-Schuhmann, Dietrich and Cochez, Michael and Decker, Stefan},
    title = "{Deep learning-based clustering approaches for bioinformatics}",
    journal = {Briefings in Bioinformatics},
    year = {2020},
    month = {02},
    issn = {1477-4054},
    doi = {10.1093/bib/bbz170},
    url = {https://doi.org/10.1093/bib/bbz170},
    note = {bbz170}
}
